\bibliographystyle{unsrt}
@ARTICLE{Nose2002,
  AUTHOR       = "S. Nos√©",
  TITLE        = "{A} molecular dynamics method for simulations in the canonical ensemble",
  YEAR         = "2002",
  JOURNAL      = "Molecular Physics, 100, 191-198"
}

@ARTICLE{Hoover1985,
  AUTHOR       = "W. G. Hoover",
  TITLE        = "{C}anonical dynamics: {E}quilibrium phase-space distributions",
  YEAR         = "1985",
  JOURNAL      = "Physical Review A, 31, 3"
}