
\bibliographystyle{unsrt}

@article{Visco2008,
  title = {Collisional statistics of the hard-sphere gas},
  author = {Visco, Paolo and van Wijland, Fr\'ed\'eric and Trizac, Emmanuel},
  journal = {Phys. Rev. E},
  volume = {77},
  issue = {4},
  pages = {041117},
  numpages = {13},
  year = {2008},
  month = {Apr},
  publisher = {American Physical Society},
  doi = {10.1103/PhysRevE.77.041117},
  url = {http://link.aps.org/doi/10.1103/PhysRevE.77.041117}
}

@article{Wiegel1976,
title = "Distribution of free flight times in a hard sphere gas",
journal = "Chemical Physics Letters",
volume = "40",
number = "1",
pages = "23 - 25",
year = "1976",
note = "",
issn = "0009-2614",
doi = "http://dx.doi.org/10.1016/0009-2614(76)80111-X",
url = "http://www.sciencedirect.com/science/article/pii/000926147680111X",
author = "F.W. Wiegel and J.P.J. Michels",

}
@article{Wiegel1979,
title = "Distribution of free-flight times in a hard sphere gas ",
journal = "Chemical Physics Letters ",
volume = "66",
number = "1",
pages = "17 - 19",
year = "1979",
note = "",
issn = "0009-2614",
doi = "http://dx.doi.org/10.1016/0009-2614(79)80359-0",
url = "http://www.sciencedirect.com/science/article/pii/0009261479803590",
author = "J.P.J. Michels and F.W. Wiegel"
}



@article{Speedy1987,
author = { Robin J.   Speedy },
title = {Diffusion in the hard sphere fluid},
journal = {Molecular Physics},
volume = {62},
number = {2},
pages = {509-515},
year = {1987},
doi = {10.1080/00268978700102371},
URL = { 
        http://dx.doi.org/10.1080/00268978700102371   
}
}

@article{Carnahan1969,
   author = "Carnahan, Norman F. and Starling, Kenneth E.",
   title = "Equation of State for Nonattracting Rigid Spheres",
   journal = "The Journal of Chemical Physics",
   year = "1969",
   volume = "51",
   number = "2", 
   pages = "635-636",
   url = "http://scitation.aip.org/content/aip/journal/jcp/51/2/10.1063/1.1672048",
   doi = "http://dx.doi.org/10.1063/1.1672048" 
}


@article{Erpenbeck1977,
author="Erpenbeck, Jerome J.
and Wood, William W.",
title="Molecular dynamics calculations of the hard-sphere equation of state",
journal="Journal of Statistical Physics",
volume="35",
number="3",
pages="321--340",
issn="1572-9613",
year = "1977",
doi="10.1007/BF01014387",
url="http://dx.doi.org/10.1007/BF01014387"
}

@article{Nose2002,
author = { Shūichi   Nosé },
title = {A molecular dynamics method for simulations in the canonical ensemble},
journal = {Molecular Physics},
volume = {52},
number = {2},
pages = {255-268},
year = {1984},
doi = {10.1080/00268978400101201},
URL = {http://dx.doi.org/10.1080/00268978400101201}
}

@article{Hoover1985,
  title = {Canonical dynamics: Equilibrium phase-space distributions},
  author = {Hoover, William G.},
  journal = {Phys. Rev. A},
  volume = {31},
  issue = {3},
  pages = {1695--1697},
  numpages = {0},
  year = {1985},
  month = {Mar},
  publisher = {American Physical Society},
  doi = {10.1103/PhysRevA.31.1695},
  url = {http://link.aps.org/doi/10.1103/PhysRevA.31.1695}
}

@article{Chandler1980,
   author = "Chandler, David and Wolynes, Peter G.",
   title = "Exploiting the isomorphism between quantum theory and classical statistical mechanics of polyatomic fluids",
   journal = "The Journal of Chemical Physics",
   year = "1981",
   volume = "74",
   number = "7", 
   pages = "4078-4095",
   url = "http://scitation.aip.org/content/aip/journal/jcp/74/7/10.1063/1.441588",
   doi = "http://dx.doi.org/10.1063/1.441588" 
}




@ARTICLE{Martyna1992,
   author = {{Martyna}, Glenn ~J. and {Klein}, Michael ~L. and {Tuckerman}, Mark E.},
    title = "{Nos{\'e}-Hoover chains: The canonical ensemble via continuous dynamics}",
  journal = "The Journal of Chemical Physics",
     year = 1992,
    month = aug,
   volume = 97,
    pages = {2635-2643},
   url = "http://scitation.aip.org/content/aip/journal/jcp/97/4/10.1063/1.463940",
   doi = "http://dx.doi.org/10.1063/1.463940" 
}


@article{Martyna1996,
author = { Glenn J.   Martyna  and  Mark E.   Tuckerman  and  Douglas J.   Tobias  and  Michael L.   Klein },
title = {Explicit reversible integrators for extended systems dynamics},
journal = {Molecular Physics},
volume = {87},
number = {5},
pages = {1117-1157},
year = {1996},
doi = {10.1080/00268979600100761},
URL = {http://dx.doi.org/10.1080/00268979600100761}
}

@article{Berendsen1984,
   author = "Berendsen, H. J. C. and Postma, J. P. M. and van Gunsteren, W. F. and DiNola, A. and Haak, J. R.",
   title = "Molecular dynamics with coupling to an external bath",
   journal = "The Journal of Chemical Physics",
   year = "1984",
   volume = "81",
   number = "8", 
   pages = "3684-3690",
   url = "http://scitation.aip.org/content/aip/journal/jcp/81/8/10.1063/1.448118",
   doi = "http://dx.doi.org/10.1063/1.448118" 
}

@article{Bussi2007,
   author = "Bussi, Giovanni and Donadio, Davide and Parrinello, Michele",
   title = "Canonical sampling through velocity rescaling",
   journal = "The Journal of Chemical Physics",
   year = "2007",
   volume = "126",
   number = "1", 
   eid = 014101,
   pages = "-",
   url = "http://scitation.aip.org/content/aip/journal/jcp/126/1/10.1063/1.2408420",
   doi = "http://dx.doi.org/10.1063/1.2408420" 
}

@online{BussiWeb,
  author = {Giovanni Bussi},
  title = {Algorithms for molecular dynamics and monte carlo: Stochastic velocity rescaling},
  year = 2011,
  howpublished = {\url{https://sites.google.com/site/giovannibussi/Research/algorithms#TOC-Stochastic-velocity-rescaling}},
  urldate = {2015-10-04}
}

@Misc{FFX,
author =   {Michael J. Schnieders},
title =    {{Force Field X}},
howpublished = {\url{http://ffx.biochem.uiowa.edu/}},
year = {2001--2015}
}

@article{Morishita2000,
   author = "Morishita, Tetsuya",
   title = "Fluctuation formulas in molecular-dynamics simulations with the weak coupling heat bath",
   journal = "The Journal of Chemical Physics",
   year = "2000",
   volume = "113",
   number = "8", 
   pages = "2976-2982",
   url = "http://scitation.aip.org/content/aip/journal/jcp/113/8/10.1063/1.1287333",
   doi = "http://dx.doi.org/10.1063/1.1287333" 
}

@article{Andersen1,
   author = "Hans C. Andersen",
   title = "Molecular dynamics simulations at constant pressure and/or temperature",
   journal = "The Journal of Chemical Physics",
   year = "1980",
   volume = "72",
   number = "4", 
   pages = "2384-2634",
   url = "http://scitation.aip.org/content/aip/journal/jcp/72/4/10.1063/1.439486",
   doi = "http://dx.doi.org/10.1063/1.439486" 
}

@article{Andersen2,
   author = "H. Tanaka and Koichiro Nakanishi and Nobuatsu Watanabe",
   title = {Constant temperature molecular dynamics calculation on Lennard-Jones fluid and its application to water},
   journal = "The Journal of Chemical Physics",
   year = "1983",
   volume = "78",
   number = "5", 
   pages = "2626-2393",
   url = "http://scitation.aip.org/content/aip/journal/jcp/78/5/10.1063/1.445020",
   doi = "http://dx.doi.org/10.1063/1.445020" 
}

@article{LoweAndersen,
   author = "E. A. Koopman and C. P. Lowe",
   title = "Advantages of a Lowe-Andersen thermostat in molecular dynamics
simulations",
   journal = "The Journal of Chemical Physics",
   year = "2006",
   volume = "124",
   number = "20", 
   pages = "204103",
   url = "http://scitation.aip.org/content/aip/journal/jcp/124/20/10.1063/1.2198824",
   doi = "http://dx.doi.org/10.1063/1.2198824" 
}
@book{FrenkelSmit2002,
editor = "Frenkel, Daan  and Smit, Berend ",
title = "Understanding Molecular Simulation",
publisher = "Academic Press",
address = "San Diego",
year = "2002",
pages = "533 - 544",
isbn = "978-0-12-267351-1",
doi = "http://dx.doi.org/10.1016/B978-012267351-1/50024-9",
url = "http://www.sciencedirect.com/science/article/pii/B9780122673511500249",
key = "tagkey2002533"
}

@article{Einwohner1968,
   author = "Einwohner, T. and Alder, B. J.",
   title = "Molecular Dynamics. VI. Free‐Path Distributions and Collision Rates for Hard‐Sphere and Square‐Well Molecules",
   journal = "The Journal of Chemical Physics",
   year = "1968",
   volume = "49",
   number = "4", 
   pages = "1458-1473",
   url = "http://scitation.aip.org/content/aip/journal/jcp/49/4/10.1063/1.1670266",
   doi = "http://dx.doi.org/10.1063/1.1670266" 
}
